@MISC{WEBSITE:1,
	HOWPUBLISHED = "\url{https://app.moqups.com/GuillaumeNed33/Tr6FjBELx1/view}",
	AUTHOR = "Guillaume NEDELEC",
	TITLE = "Maquettes",
	MONTH = "Jan",
	YEAR = "2019",
	NOTE = "Accessed on 2020-01-30"
}
@ARTICLE{ARTICLE:2,
	AUTHOR="Benoit Sagot",
	TITLE="Informatiser le lexique",
	JOURNAL="Memoire",
	YEAR="2019",
}
@ARTICLE{ARTICLE:4,
	author    ="Lionel Clément,Éric Villemonte de la Clergerie,Pierre Boullier",
	title     ="The Lefff 2 syntactic lexicon for French: architecture, acquisition, use",
	journal   ="Université de Bordeaux",
	year      ="2004",
	pages     ="1-4",
	note      ="{\url{http://www.labri.fr/perso/clement/lefff/public/LREC06b.pdf},,consult\'e le 25/01/2020}",
}
@MISC{lefff_int,
	HOWPUBLISHED = "\url{http://alpage.inria.fr/~sagot/lefff}",
	AUTHOR = "Benoît Sagot",
	TITLE = "Lefff",
	YEAR = "2019",
	NOTE = "Accessed on 2020-01-31"
}
@MISC{lefff,
	HOWPUBLISHED = "\url{http://www.labri.fr/perso/clement/lefff/public/lrec04ClementLangSagot-1.0.pdf}",
	AUTHOR = "Lionel Clément,Benoit Sagot,Bernard",
	TITLE = "Morphology based automatic acquisition of large-coverage lexica",
	YEAR = "2010",
	NOTE = "Accessed on 2020-01-31"
}

@MISC{tagset,
	HOWPUBLISHED = "\url{http://www.labri.fr/perso/clement/lefff/public/data/lefff-tagset-0.1.pdf}",
	AUTHOR = "Lionel Clément,Benoit Sagot",
	TITLE = "Liste des étiquettes utilisées dans LeFFF",
	YEAR = "2003",
	NOTE = "Accessed on 2020-01-31"
}
@MISC{PFM,
	AUTHOR = "Olivier Bonami",
	TITLE = "A theory of inflectional periphrasis at the morphology-syntax interface",
	YEAR = "2015",
	NOTE = "Accessed on 2020-02-03"
}
@MISC{Formalisme,
	HOWPUBLISHED = "\url{http://www.lilec.it/mmm/wp/wp-content/uploads/2012/09/291-322-Bonami-Boye.pdf}",
	AUTHOR = "Olivier Bonami ,Gilles Boyé",
	paragraph = 3,
	TITLE = "French Pronominal Clitics and the Design of Paradigm Function Morphology",
	NOTE = "Accessed on 2020-02-03"
}